<?xml version="1.0" encoding="UTF-8"?><collection xmlns="http://www.loc.gov/MARC21/slim"><record><leader>00770nam--2200229-u-4500</leader><controlfield tag="001">000054163</controlfield><controlfield tag="002">20161230</controlfield><controlfield tag="005">20161230201051</controlfield><controlfield tag="008">110914s1000------------r-----000-0-eng-d</controlfield><datafield ind1=" " ind2=" " tag="020"><subfield code="a">085498187X</subfield></datafield><datafield ind1=" " ind2=" " tag="040"><subfield code="a">IFIN-HH</subfield></datafield><datafield ind1=" " ind2=" " tag="080"><subfield code="a">535.82(061.3)</subfield></datafield><datafield ind1="1" ind2=" " tag="100"><subfield code="a">Goodhew, P.J</subfield></datafield><datafield ind1="1" ind2="0" tag="245"><subfield code="a">Eurem 88 proceedings of the 9th european congress on electron microscopy held in york, england, 4-9 september 1988</subfield><subfield code="c">P.j. goodhew, h.g. dickinson (eds.)</subfield></datafield><datafield ind1=" " ind2=" " tag="260"><subfield code="a">Bristol</subfield><subfield code="b">Institute Of Physics</subfield><subfield code="c">1988</subfield></datafield><datafield ind1=" " ind2=" " tag="300"><subfield code="a">3 VOLUMES</subfield></datafield><datafield ind1=" " ind2=" " tag="490"><subfield code="a">Conference Series Number 93</subfield></datafield><datafield ind1="1" ind2=" " tag="700"><subfield code="a">Dickinson, H.G</subfield><subfield code="e">Ed</subfield></datafield><datafield ind1=" " ind2=" " tag="787"><subfield code="a">Volume 1</subfield><subfield code="h">302p</subfield><subfield code="t">Tutorials, Instrumentation And Techniques</subfield></datafield><datafield ind1="1" ind2=" " tag="787"><subfield code="a">Volume 3</subfield><subfield code="h">616p</subfield><subfield code="t">Biology</subfield></datafield><datafield ind1=" " ind2=" " tag="852"><subfield code="a">70136</subfield><subfield code="c">537.533.35</subfield></datafield><datafield ind1=" " ind2=" " tag="CAT"><subfield code="a">Sys</subfield><subfield code="c">20110914</subfield><subfield code="h">144326</subfield></datafield></record></collection>